
@article{Kalman,
  title={A Kalman filter tutorial for undergraduate student},
  author={Matthew B.Rhudy, Roger A.Salguer, Keaton Holappa},
  journal={International Journal of Computer Science and Engineering Survey},
  year = {2017}

}

@PROCEEDINGS{MultiTracking,
  title={Online pedestrian tracking with multi-stage re-identification},
  author={Yi-Fan Jiang, Hyunhak Shin, Jaeyong Ju, Hanseok Ko},
  journal={IEEE International Conference on Advanced Video and Signal Based Surveillance (AVSS)},
  year = {2017}
}



@PROCEEDINGS{Wojke2017simple,
  title={Simple Online and Realtime Tracking with a Deep Association Metric},
  author={Wojke, Nicolai and Bewley, Alex and Paulus, Dietrich},
  booktitle={2017 IEEE International Conference on Image Processing (ICIP)},
  year={2017},
  pages={3645--3649},
  organization={IEEE},
  doi={10.1109/ICIP.2017.8296962}
}
@PROCEEDINGS{sort,
  title={Simple Online and Realtime Tracking},
  author={Alex Bewley, Zongyuan Ge, Lionel Ott, Fabio Ramos, Ben Upcroft},
  booktitle={2017 IEEE International Conference on Image Processing (ICIP)},
  year={2016},
  pages={3464--3468},
  organization={IEEE},
}

@article{yolov3,
    title = {Yolov3: An incremental improvement},
    author = {Joseph Redmon, Ali Farhadi},
    year = {2018},
    journal = {arXiv preprint arXiv:1804.02767}

}

@incollection{FrRCNN,
title = {Faster R-CNN: Towards Real-Time Object Detection with Region Proposal Networks},
author = {Ren, Shaoqing and He, Kaiming and Girshick, Ross and Sun, Jian},
booktitle = {Advances in Neural Information Processing Systems 28},
editor = {C. Cortes and N. D. Lawrence and D. D. Lee and M. Sugiyama and R. Garnett},
pages = {91--99},
year = {2015},
publisher = {Curran Associates, Inc.},
url = {http://papers.nips.cc/paper/5638-faster-r-cnn-towards-real-time-object-detection-with-region-proposal-networks.pdf}
}

@article{SA,
  author    = {Haoran Wang and
               Yue Fan and
               Zexin Wang and
               Licheng Jiao and
               Bernt Schiele},
  title     = {Parameter-Free Spatial Attention Network for Person Re-Identification},
  journal   = {CoRR},
  volume    = {abs/1811.12150},
  year      = {2018},
  url       = {http://arxiv.org/abs/1811.12150},
  archivePrefix = {arXiv},
  eprint    = {1811.12150},
  timestamp = {Fri, 30 Nov 2018 12:44:28 +0100},
  biburl    = {https://dblp.org/rec/bib/journals/corr/abs-1811-12150},
  bibsource = {dblp computer science bibliography, https://dblp.org}
}

@PROCEEDINGS{cnn,
    author = {Y. LeCun, L. Bottou, Y. Bengio, and P. Haffner},
    title = {Gradient-based learning applied to document recognition},
    journal = {Proceedings of the IEEE},
    year = {1998}
}

@InProceedings{Redmon_2017_CVPR,
author = {Redmon, Joseph and Farhadi, Ali},
title = {YOLO9000: Better, Faster, Stronger},
booktitle = {The IEEE Conference on Computer Vision and Pattern Recognition (CVPR)},
month = {July},
year = {2017}
}
@article{netinnet,
    author = {Min Lin, Qiang Chen, Shuicheng Yan},
    title = {Network In Network},
    journal = {arXiv:1312.4400},
    year = {2013}
}

@InProceedings{He_2016_CVPR,
author = {He, Kaiming and Zhang, Xiangyu and Ren, Shaoqing and Sun, Jian},
title = {Deep Residual Learning for Image Recognition},
booktitle = {The IEEE Conference on Computer Vision and Pattern Recognition (CVPR)},
month = {June},
year = {2016}
}

@article{Milan2016MOT16AB,
  title={MOT16: A Benchmark for Multi-Object Tracking},
  author={Anton Milan and Laura Leal-Taix{\'e} and Ian D. Reid and Stefan Roth and Konrad Schindler},
  journal={CoRR},
  year={2016},
  volume={abs/1603.00831}
}

@inproceedings{zheng2015scalable,
  title={Scalable Person Re-identification: A Benchmark},
  author={Zheng, Liang and Shen, Liyue and Tian, Lu and Wang, Shengjin and Wang, Jingdong and Tian, Qi},
  booktitle={Computer Vision, IEEE International Conference on},
  year={2015}
}

@proceedings{zheng2016mars,
  title={MARS: A Video Benchmark for Large-Scale Person Re-identification},
  author={Zheng, Liang and Bie, Zhi and Sun, Yifan and Wang, Jingdong and Su, Chi and Wang, Shengjin and Tian, Qi},
  booktitle={European Conference on Computer Vision},
  year={2016},
  organization={Springer}
}
